@InProceedings{bfv1,
author="Brakerski, Zvika",
editor="Safavi-Naini, Reihaneh
and Canetti, Ran",
title="Fully Homomorphic Encryption without Modulus Switching from Classical GapSVP",
booktitle="Advances in Cryptology -- CRYPTO 2012",
year="2012",
publisher="Springer Berlin Heidelberg",
address="Berlin, Heidelberg",
pages="868--886",
abstract="We present a new tensoring technique for LWE-based fully homomorphic encryption. While in all previous works, the ciphertext noise grows quadratically ({\$}{\$}B {\backslash}rightarrow B^2{\backslash}cdot {\backslash}text {\{}poly{\}}(n){\$}{\$}) with every multiplication (before ``refreshing''), our noise only grows linearly ({\$}{\$}B {\backslash}rightarrow B{\backslash}cdot {\backslash}text {\{}poly{\}}(n){\$}{\$}).",
isbn="978-3-642-32009-5"
}

