@InProceedings{FE,
author="Boyen, Xavier",
editor="Sahai, Amit",
title="Attribute-Based Functional Encryption on Lattices",
booktitle="Theory of Cryptography",
year="2013",
publisher="Springer Berlin Heidelberg",
address="Berlin, Heidelberg",
pages="122--142",
abstract="We introduce a broad lattice manipulation technique for expressive cryptography, and use it to realize functional encryption for access structures from post-quantum hardness assumptions.",
isbn="978-3-642-36594-2"
}

